@article{Carlstrom:2004:Wheels, 
title={Wheels – on division by zero}, 
volume={14}, 
DOI={10.1017/S0960129503004110}, 
number={1}, journal={Mathematical Structures in Computer Science}, 
publisher={Cambridge U Press}, 
author={Jesper Carlstr\"{o}m}, year={2004}, 
pages={143–184}}

@online{BWilliams:AlgebraicAtructureAndProtocols,
   author = "Brandon Williams",
   title = "Algebraic structure and protocols",
   year = "2017",
   note = "An example of the problem that results from combining
           types statically.",
   url = {https://medium.com/@mbrandonw/algebraic-structure-and-protocols-2bd48eb3e083},
    }

@online{BWilliams:AlgebraOfPredicatesAndSortingFunctions,
   author = "Brandon Williams",
   title = "The algebra of predicates and sorting functions",
   year = "2017",
   url = {https://medium.com/@mbrandonw/the-algebra-of-predicates-and-sorting-functions-b0282b17ef71},
    }

@online{BWilliams:SemiringsAndPredicates,
   author = "Brandon Williams",
   title = "Semirings and predicates",
   year = "2017",
   url = {https://medium.com/@mbrandonw/semirings-and-predicates-4474cfa2ac81},
    }
   
   
@online{wiki:AlgebraicStructure,
   author = "{Wikipedia}",
   title = "Algebraic structure",
   year = "2018",
   url = {https://en.wikipedia.org/w/index.php?title=Algebraic_structure},
    }

@online{wiki:ConstantRankTheorem,
   author = "{Wikipedia}",
   title = {Constant rank theorem},
   year = "2018",
   url = {https://en.wikipedia.org/wiki/Inverse_function_theorem#Constant_rank_theorem},
    }

@online{wiki:FactorizationOfPolynomials,
   author = "{Wikipedia}",
   title = "Factorization of polynomials",
   year = "2018",
   url = {https://en.wikipedia.org/w/index.php?title=Factorization_of_polynomials},
    }

@online{wiki:FieldMathematics,
   author = "{Wikipedia}",
   title = " Field (mathematics)",
   year = "2018",
   url = {https://en.wikipedia.org/w/index.php?title=Field_(mathematics)},
    }

@online{wiki:FrechetDerivative,
   author = "{Wikipedia}",
   title = {Fréchet derivative},
   year = "2018",
   url = {https://en.wikipedia.org/wiki/Fr%C3%A9chet_derivative},
    }

@online{ wiki:GroupTheory,
   author = "{Wikipedia}",
   title = "Group theory",
   year = "2017",
   url = "\url{https://en.wikipedia.org/w/index.php?title=Group_theory}",
 }
 
@online{ wiki:HomogeneousSpace,
   author = "{Wikipedia}",
   title = {Homogeneous space},
   url = "\url{https://en.wikipedia.org/w/index.php?title=Homogeneous_space}",
   urldate = "2017-03-18"
 }

@online{ wiki:ImplicitFunctionTheorem,
   author = "{Wikipedia}",
   title = {Implicit function theorem},
   url = {https://en.wikipedia.org/w/index.php?title=Implicit_function_theorem},
   urldate = "2018-11-28"
 }

@online{ wiki:InverseFunctionTheorem,
   author = "{Wikipedia}",
   title = {Inverse function theorem},
   url = {https://en.wikipedia.org/w/index.php?title=Inverse_function_theorem},
   urldate = "2018-11-28"
 }

@misc{ wiki:Magma,
    author = "{Wikipedia}",
    title = "Magma (algebra)",
    year = "2020",
    url = "{https://en.wikipedia.org/w/index.php?title=Magma_(algebra)}",
  }
@online{ wiki:SetMathematics,
   author = "{Wikipedia}",
   title = "Set (mathematics)",
   year = "2017",
   url = "https://en.wikipedia.org/w/index.php?title=Set_(mathematics)",
 }
 
@online{wiki:MathematicalStructure,
   author = "{Wikipedia}",
   title = "Mathematical structure",
   year = "2018",
   url = {https://en.wikipedia.org/w/index.php?title=Mathematical_structure},
    }

@online{wiki:OutlineOfAlgebraicStructures,
   author = "{Wikipedia}",
   title = "Outline of algebraic structures",
   year = "2018",
   url = {https://en.wikipedia.org/w/index.php?title=Outline_of_algebraic_structures},
    }

@online{wiki:Polynomial,
   author = "{Wikipedia}",
   title = "Polynomial",
   year = "2018",
   url = {https://en.wikipedia.org/w/index.php?title=Polynomial},
    }

@online{wiki:RingMathematics,
   author = "{Wikipedia}",
   title = " Ring (mathematics)",
   year = "2018",
   url = {https://en.wikipedia.org/w/index.php?title=Ring_(mathematics)},
    }

@online{wiki:Semiring,
   author = "{Wikipedia}",
   title = " Semiring",
   year = "2018",
   url = {https://en.wikipedia.org/wiki/Semiring},
    }

@online{wiki:SyntheticDivision,
   author = "{Wikipedia}",
   title = "Synthetic division",
   year = "2018",
   url = {https://en.wikipedia.org/w/index.php?title=Synthetic_division},
    }
