@book{Henle:2012:RealNumbers,
  title={Which Numbers Are Real?},
  author={Michael Henle},
  series={Classroom Resource Materials},
  year={2012},
  publisher={Mathematical Association of America}
}

@book{Bridger:2019,
 author = {Mark Bridger},
 title = {Real Analysis: A Constructive Approach Through Interval Arithmetic},
 year = {2019},
 publisher = {American Mathematical Society},
 }

@misc{ wiki:ConstructiveAnalysis,
    author = "{Wikipedia}",
    title = "Constructive analysis",
    year = "2020",
    url = "{https://en.wikipedia.org/w/index.php?title=}",
  }

@misc{Lawrence:2017:Rationals,
    author = {Stephen A. Lawrence},
    title = "The Rational Numbers",
    year = "2007",
    url = "{http://www.physicsinsights.org/numbers-rational-1.html}",
  }


@misc{ HaskellCurry:2012:RationalAxioms,
    author = "{Haskell Curry (online name)}",
    title = "Axiomatic characterization of the rational numbers",
    year = "2012",
    url = "{https://math.stackexchange.com/questions/262329/axiomatic-characterization-of-the-rational-numbers}",
  }


@misc{ quora:RationalAxioms,
    author = {Andrew Winkler},
    title = "What are the axioms of rational numbers?",
    year = "2019",
    url = "{https://www.quora.com/What-are-the-axioms-of-rational-numbers}",
  }

  