@book{BarwiseMoss:1996:Vicious,
author = {Barwise, Jon and Moss, Lawrence},
title = {Vicious Circles: On the Mathematics of Non-Wellfounded Phenomena},
year = {1996},
publisher = {Center for the Study of Language and Information}
}
 @book{Cantor1883, 
   author = {Georg Cantor}, 
   title = {{Grundlagen einer Allgemeinen Mannichfaltigkeits\-lehre 
   -- Ein mathematisch-philo\-soph\-isch\-er Versuch 
   in der Lehre des Unendlichen}}, 
   publisher = {Commissions von B. Teubner}, 
   year = {1883}, 
   url = {http://digital.slub-dresden.de/werkansicht/dlf/8595/}, 
 }
@misc{ wiki:ConstructiveSetTheory,
    author = "{Wikipedia}",
    title = "Constructive set theory",
    year = "2020",
    url = "{https://en.wikipedia.org/w/index.php?title=Constructive_set_theory}",
  }
  
@misc{ wiki:FinitistSetTheory,
    author = "{Wikipedia}",
    title = "Finitist set theory",
    year = "2019",
    url = "{https://en.wikipedia.org/w/index.php?title=Finitist_set_theory}",
  }
@misc{ wiki:BaireSpace,
    author = "{Wikipedia}",
    title = "Baire space",
    year = "2019",
    url = "{https://en.wikipedia.org/w/index.php?title=Baire_space}",
  }
@misc{ wiki:BaireCategoryTheorem,
    author = "{Wikipedia}",
    title = "Baire category theorem",
    year = "2019",
    url = "{https://en.wikipedia.org/w/index.php?title=Baire_category_theorem}",
  }
@misc{ wiki:BaireSpaceSetTheory,
    author = "{Wikipedia}",
    title = "Baire space (set theory)",
    year = "2019",
    url = "{https://en.wikipedia.org/w/index.php?title=Baire_space_(set_theory)}",
  }
@book{Dauben:1979:DAUGCH,
    author = {J. W. Dauben},
    publisher = {Princeton U Press},
    year = {1979},
    title = {Georg Cantor: His Mathematics and Philosophy of the Infinite}
}

@incollection{sep:SetTheory,
    author       =  {Bagaria, Joan},
    title        =  {Set Theory},
    booktitle    =  {The Stanford Encyclopedia of Philosophy},
    editor       =  {Edward N. Zalta},
    howpublished =  {\url{https://plato.stanford.edu/archives/fall2019/entries/set-theory/}},
    year         =  {2019},
    edition      =  {Fall 2019},
    publisher    =  {Metaphysics Research Lab, Stanford U}
}
@misc{ eom:AxiomaticSetTheory,
author = {{Encyclopedia of Mathematics}},
    title = "{Axiomatic Set theory}",
    year = "2019",
    url = "{http://www.encyclopediaofmath.org/index.php?title=Set_theory}",
  }


@misc{ eom:SetTheory,
author = {{Encyclopedia of Mathematics}},
    title = "{Set theory}",
    year = "2019",
    url = "{http://www.encyclopediaofmath.org/index.php?title=Set_theory}",
  }

@misc{ iep:RussellMyhillParadox,
    author = {Kevin C. Klement},
    title = "{Russell-Myhill Paradox}",
    year = "2020",
    url = "{https://www.iep.utm.edu/par-rusm/}",
  }
@misc{ iep:RussellParadox,
    author = {Kevin C. Klement},
    title = "{Russell's Paradox}",
    year = "2020",
    url = "{https://www.iep.utm.edu/par-russ/}",
  }
@misc{ iep:SetTheory,
    author = {Daniel Cunningham},
    title = "{Set theory}",
    year = "2019",
    url = "{https://www.iep.utm.edu/set-theo/}",
  }
@misc{ wiki:Set_theory,
    author = "{Wikipedia}",
    title = "Set theory",
    year = "2019",
    url = "{https://en.wikipedia.org/w/index.php?title=Set_theory}",
  }
@article{Zermelo:1930:SetTheory,
    pages = {29--47},
    title = {\"Uber Grenzzahlen Und Mengenbereiche: Neue Untersuchungen \"Uber Die Grundlagen der Mengenlehre},
    journal = {Fundamenta Mathematic\ae},
    volume = {16},
    author = {Ernst Zermelo},
    year = {1930}
}
@misc{ wiki:LimitCardinal,
    author = "{Wikipedia}",
    title = "Limit cardinal",
    year = "2019",
    url = "{https://en.wikipedia.org/w/index.php?title=Limit_cardinal}",
  }
@misc{ wiki:RegularCardinal,
    author = "{Wikipedia}",
    title = "Regular cardinal",
    year = "2019",
    url = "{https://en.wikipedia.org/w/index.php?title=Regular_cardinal}",
  }
  
@misc{ wiki:ConstructibleUniverse,
    author = "{Wikipedia}",
    title = "Constructible universe",
    year = "2019",
    url = "{https://en.wikipedia.org/w/index.php?title=Constructible_universe}",
  }
@misc{ wiki:InaccessibleCardinal,
    author = "{Wikipedia}",
    title = "Inaccessible cardinal",
    year = "2019",
    url = "{https://en.wikipedia.org/w/index.php?title=Inaccessible_cardinal}",
  }
  
@misc{ wiki:LimitOrdinal,
    author = "{Wikipedia}",
    title = "Limit ordinal",
    year = "2019",
    url = "{https://en.wikipedia.org/w/index.php?title=Limit_ordinal}",
  }
  
@misc{wiki:ZornsLemma,
author = "{Wikipedia}",
title = "Zorn's lemma",
year = "2019",
url = "{https://en.wikipedia.org/w/index.php?title=Zorn\%27s_lemma}",
}
@misc{wiki:AxiomOfChoice,
author = "{Wikipedia}",
title = "Axiom of choice",
year = "2019",
url = "{https://en.wikipedia.org/w/index.php?title=Axiom_Of_choice}",
}
@misc{wiki:WellOrderingTheorem,
author = "{Wikipedia}",
title = "Well-ordering theorem",
year = "2019",
url = "{https://en.wikipedia.org/w/index.php?title=Well-ordering_theorem}",
}
@misc{wiki:AxiomOfPowerSet,
author = "{Wikipedia}",
title = "Axiom of power set",
year = "2018",
url = "{https://en.wikipedia.org/w/index.php?title=Axiom_Of_power_set}",
}

@misc{wiki:AxiomOfInfinity,
author = "{Wikipedia}",
title = "Axiom of infinity",
year = "2019",
url = "{https://en.wikipedia.org/w/index.php?title=Axiom_Of_infinity}",
}
@misc{wiki:AxiomOfLimitationOfSize,
author = "{Wikipedia}",
title = "Axiom of limitation of size",
year = "2019",
url = "{https://en.wikipedia.org/w/index.php?title=Axiom_Of_limitation_of_size}",
}
@misc{wiki:BinaryRelation,
author = "{Wikipedia}",
title = "Binary relation",
year = "2019",
url = "{https://en.wikipedia.org/w/index.php?title=Binary_relation}",
}
@misc{wiki:ClassSetTheory,
author = "{Wikipedia}",
title = "Class (set theory)",
year = "2019",
url = "{https://en.wikipedia.org/w/index.php?title=Class_(set_theory)}",
}
@misc{wiki:SubclassSetTheory,
author = "{Wikipedia}",
title = "Subclass (set theory)",
year = "2018",
url = "{https://en.wikipedia.org/w/index.php?title=Subclass_(set_theory)}",
}

@misc{wiki:AxiomSchemaOfReplacement,
author = "{Wikipedia}",
title = "Axiom schema of replacement",
year = "2019",
url = "{https://en.wikipedia.org/w/index.php?title=Axiom_Schema_Of_replacement}",
}
@misc{wiki:AxiomOfUnion,
author = "{Wikipedia}",
title = "Axiom of union",
year = "2019",
url = "{https://en.wikipedia.org/w/index.php?title=Axiom_Of_union}",
}

@misc{wiki:AxiomOfEmptySet,
author = "{Wikipedia}",
title = "Axiom of empty set",
year = "2018",
url = "{https://en.wikipedia.org/w/index.php?title=Axiom_Of_empty_set}",
}

@article{McLarty:2005:MacLane,
author = {Mclarty, Colin},
year = {2005},
month = {10},
pages = {237-251},
title = {Saunders MacLane (1909-2005): 
His Mathematical Life and Philosophical Works},
volume = {13},
journal = {Philosophia Mathematica},
}
@book {MacLane:1986:MathFormFunction,
author = {MacLane, Saunders},
title = {Mathematics, form and function},
publisher = {Springer},
year = {1986},
pages = {xi+476},
}
@article {MacLane:1996:Structure,
author = {MacLane, Saunders},
title = {Structure in mathematics},
journal = {Philosophia Mathematica. Series III},
volume = {4},
number = {2},
year = {1996},
pages = {174--183},
}

@misc{wiki:OrdinalNumber,
author = "{Wikipedia}",
title = "Ordinal number",
year = "2019",
url = "{https://en.wikipedia.org/w/index.php?title=Ordinal_number}",
}

@misc{wiki:ZermeloSetTheory,
author = "{Wikipedia}",
title = "Zermelo set theory",
year = "2019",
url = "{https://en.wikipedia.org/w/index.php?title=Zermelo_set_theory}",
}

@book{Jech:2003:SetTheory,
author = {Jech, Thomas},
publisher = {Springer},
title = {Set Theory: The Third Millennium Edition},
year = 2003
}

@article{Boolos:1971,
number = {8},
year = {1971},
pages = {215--231},
author = {George Boolos},
title = {The Iterative Conception of Set},
publisher = {Journal of Philosophy Inc},
doi = {10.2307/2025204},
volume = {68},
journal = {Journal of Philosophy}
}

@misc{wiki:AxiomSchemaOfSpecification,
author = "{Wikipedia}",
title = "Axiom schema of specification",
year = "2019",
url = "{https://en.wikipedia.org/w/index.php?title=Axiom_Schema_Of_specification}",
}

@misc{wiki:Urelement,
author = "{Wikipedia}",
title = "Urelement",
year = "2019",
url = "{https://en.wikipedia.org/w/index.php?title=Urelement}",
}

@misc{wiki:Extensionality,
author = "{Wikipedia}",
title = "Extensionality",
year = "2018",
url = "{https://en.wikipedia.org/w/index.php?title=Extensionality}",
}

@misc{wiki:AxiomOfExtensionality,
author = "{Wikipedia}",
title = "Axiom of extensionality",
year = "2019",
url = "{https://en.wikipedia.org/w/index.php?title=Axiom_Of_extensionality}",
}

@misc{wiki:VonNeumannUniverse,
author = "{Wikipedia}",
title = "Von Neumann universe",
year = "2019",
howpublished = {\url{https://en.wikipedia.org/w/index.php?title=Von_Neumann_universe}},
}

@misc{wiki:NBGSetTheory,
author = "{Wikipedia}",
title = {Von Neumann–Bernays–Godel set theory},
year = "2019",
howpublished = 
{\url{https://en.wikipedia.org/wiki/Von_Neumann-Bernays-Gödel_set_theory}},
}

@misc{wiki:AxiomOfPairing,
author = "{Wikipedia}",
title = "Axiom of pairing",
year = "2019",
url = "{https://en.wikipedia.org/w/index.php?title=Axiom_Of_pairing}",
}

@misc{wiki:EpsilonInduction,
author = "{Wikipedia}",
title = "Epsilon-induction",
year = "2019",
url = "{https://en.wikipedia.org/w/index.php?title=Epsilon-induction}",
}
@misc{wiki:AxiomOfRegularity,
author = "{Wikipedia}",
title = "Axiom of regularity",
year = "2019",
url = "{https://en.wikipedia.org/w/index.php?title=Axiom_Of_regularity}",
}

@misc{wiki:WellFoundedRelation,
author = "{Wikipedia}",
title = "Well-founded relation",
year = "2019",
url = "{https://en.wikipedia.org/w/index.php?title=Well-founded_relation}",
}

@misc{wiki:HereditarySet,
author = "{Wikipedia}",
title = "Hereditary set",
year = "2019",
url = "{https://en.wikipedia.org/w/index.php?title=Hereditary_set}",
}
@misc{wiki:RussellParadox,
author = "{Wikipedia}",
title = "Russell's paradox",
year = "2019",
howpublished ="\url{https://en.wikipedia.org/w/index.php?title=Russell's_paradox}",
}
@misc{wiki:ZermeloFraenkelSetTheory,
author = "{Wikipedia}",
title = "Zermelo–Fraenkel set theory",
year = "2019",
url = "{https://en.wikipedia.org/w/index.php?title=Zermelo-Fraenkel_set_theory}",
}

@article{Schechter:2001:ConstructivismDifficult,
URL = {http://www.jstor.org/stable/2695675},
author = {Eric Schechter},
journal = {The American Mathematical Monthly},
number = {1},
pages = {50--54},
publisher = {Mathematical Association of America},
title = {Constructivism Is Difficult},
volume = {108},
year = {2001}
}

