@book{AdamekHerrlichStrecker:1990,
author={Ad\'{a}mek, Ji\v{r}\'{\i} and Herrlich, Horst and Strecker, George},
title={Abstract and Concrete Categories},
year={1990},
url={http://katmat.math.uni-bremen.de/acc/},
publisher={Wiley-Interscience},
}

@book{AdamekRosicky:1994, 
place={Cambridge}, 
series={London Mathematical Society Lecture Note Series},
 title={Locally Presentable and Accessible Categories}, 
  publisher={Cambridge U Press}, 
  author={Adamek, J. and Rosicky, J.}, 
  year={1994}}

@book{AspertiLongo:1991,
title={Categories, types, and structures:
an introduction to category theory 
for the working computer scientist},
author={Andrea Asperti and Giuseppe Longo},
year={1991},
url={https://www.di.ens.fr/users/longo/files/CategTypesStructures/book.pdf},
publisher={{MIT} Press}}

@article{Awodey:2004:Hellman,
author={Awodey, Steve},
    title = {An Answer to Hellman's Question: 
    `Does Category Theory Provide a Framework for Mathematical Structuralism?'},
    journal = {Philosophia Mathematica},
    volume = {12},
    number = {1},
    pages = {54-64},
    year = {2004},
    url = {https://academic.oup.com/philmat/article-pdf/12/1/54/21430532/12-1-54.pdf}}
    
@book{Awodey:2010,
author={Awodey, Steve},
title={Category Theory},
year={2010},
publisher={Oxford U Press},
edition={$2$nd~edition}}

@misc{Baez:2017:ToposNutshell,
author={John Baez},
title={Topos theory in a nutshell},
url={http://math.ucr.edu/home/baez/topos.html}}

@book{Barr:Wells:2002:TTT,
author={Barr, Michael and Wells, Charles},
title={Toposes, Triples and Theories},
url={http://www.cwru.edu/artsci/math/wells/pub/ttt.html},
edition={Version 1.1},
publisher={Reprints in Theory and Applications of Categories},
year=2002
}

@book{Barr:Wells:2020,
author={Barr, Michael and Wells, Charles},
title={Category Theory for Computing Science},
year={2020},
edition={revision of $2$nd 1998 edition},
url={http://www.tac.mta.ca/tac/reprints/articles/22/tr22.pdf},
publisher={Prentice-Hall}}

@misc{Cheng:2020:Latest,
author = {Eugenia Cheng},
title = {Latest Books},
year = 2020,
url = {http://eugeniacheng.com/math/about/}}

@article{EilenberMacLane:1945,
  author = {Eilenberg, Samuel and MacLane, Saunders},
  journal = {Transactions of the American Mathematical Society},
  number = 2,
  pages = {231--294},
  title = {{General Theory of Natural Equivalences}},
  volume = 58,
  year = 1945}

@misc{Ellerman:2020:CategoryElementsDistinctions,
    title={How Category Theory Works: The Elements & Distinctions Analysis of the Morphisms, Duality, and Universal Constructions in Sets},
    author={David Ellerman},
    year={2020},
    eprint={2007.05733},
    archivePrefix={arXiv},
    primaryClass={math.CT}
}

@inproceedings{Elliott:2009:BeautifulDifferentiation,
author={Conal Elliott},
title={Beautiful differentiation},
booktitle="International Conference on Functional Programming (ICFP)",
year=2009,
url={http://conal.net/papers/beautiful-differentiation},
}
@inproceedings{Elliott:2017:CompilingToCategories,
author={Conal Elliott},
title={Compiling to categories},
booktitle={Proceedings of the {ACM} on Programming Languages (ICFP)},
year={2017},
url={http://conal.net/papers/compiling-to-categories}
}
@misc{Elliott:2018:SimpleAutoDif,
title={The simple essence of automatic differentiation},
author={Conal Elliott},
year={2018},
eprint={1804.00746},
archivePrefix={arXiv},
primaryClass={cs.PL}
}

@misc{FongSpivak:2018:SevenSketches,
title={Seven Sketches in Compositionality: An Invitation to Applied Category Theory},
author={Brendan Fong and David I Spivak},
year={2018},
eprint={1803.05316},
archivePrefix={arXiv},
primaryClass={math.CT}
}

@misc{Friedman:2008:ElementarySimplicialSets,
    title={An elementary illustrated introduction to simplicial sets},
    author={Greg Friedman},
    year={2008},
    eprint={0809.4221},
    archivePrefix={arXiv},
    primaryClass={math.AT}
}

@book{Geroch:1985:MathPhysics,
title={Mathematical Physics},
author={Robert Geroch},
year={1985},
publisher={U of Chicago Press}}

@book{Goldblatt:1984:Topoi,
author={Robert Goldblatt},
title={Topoi --- the categorial analysis of logic},
edition = {{$2$nd} revised edition},
publisher={North-Holland},
year={1984},
url={https://www.sciencedirect.com/bookseries/studies-in-logic-and-the-foundations-of-mathematics/vol/98}}

@misc{Hartnett:2019:Lurie,
    author = {Kevin Hartnett},
    title = {Is the Equal Sign Overrated? Mathematicians Hash It Out},
    year = {2019},
    journal = {{WIRED}},
    url={https://www.wired.com/story/is-the-equal-sign-overrated-mathematicians-hash-it-out/}
}
@misc{Quanta:2019:Lurie,
    author = {Quanta {magazine}},
    title = {With Category Theory, Mathematics Escapes From Equality},
    year = {2019},
    url={https://www.wired.com/story/is-the-equal-sign-overrated-mathematicians-hash-it-out/}
}
@misc{Hillman:2001:CatPrimer,
    author = {Chris Hillman},
    title = {A Categorical Primer},
    year = {2001},
    url={https://citeseerx.ist.psu.edu/viewdoc/summary?doi=10.1.1.24.3264}
}
@article{Landry:2013:FefermanResponse,
    pages = {24--51},
    journal = {Review of Symbolic Logic},
    year = {2013},
    number = {1},
    title = {The Genetic Versus the Axiomatic Method: 
    Responding to Feferman 1977},
    author = {Elaine Landry},
    volume = {6}
}
@article{LandryMarquis:2005:CatTheoryContext,
    author = {Landry, Elaine and Marquis, Jean-Pierre},
    title = "{Categories in Context: Historical, Foundational, and Philosophical}",
    journal = {Philosophia Mathematica},
    volume = {13},
    number = {1},
    pages = {1-43},
    year = {2005},
    month = {02},
    abstract = "{The aim of this paper is to put into context the 
    historical, foundational and philosophical significance 
    of category theory. We use our historical investigation
    to inform the various category-theoretic foundational debates 
    and to point to some common elements found among those 
    who advocate adopting a foundational stance. 
    We then use these elements to argue 
    for the philosophical position that category theory provides 
    a framework for an algebraic in re interpretation 
    of mathematical structuralism. 
    In each context, what we aim to show is that,
    whatever the significance of category theory,
    it need not rely upon any set-theoretic underpinning.}",
    url = {https://academic.oup.com/philmat/article-pdf/13/1/1/4466938/nki005.pdf},
}

@book{LawvereRosebrugh:2003:Sets, 
place={Cambridge}, 
title={Sets for Mathematics}, 
publisher={Cambridge U Press}, 
author={Lawvere, F. William and Rosebrugh, Robert}, 
year={2003}}

@book{LawvereSchanuel:2009:ConceptualMath,
author={Lawvere, F. William and Schanuel, Stephen H.},
title={Conceptual Mathematics: A First Introduction to Categories},
year={2009},
publisher={Cambridge U Press},
edition={{$2$nd} edition}
}

@misc{Leinster:2001:NcatSurvey,
    title={A Survey of Definitions of {$n$}-Category},
    author={Tom Leinster},
    year={2001},
    eprint={math/0107188},
    archivePrefix={arXiv},
    primaryClass={math.CT}}

@article{Leinster:2002:NcatSurvey,
author="Leinster, Tom",
title="A survey of definitions of {$n$}-category",
journal="Theory Appl. Categ.",
Fjournal="Theory and Applications of Categories",
volume="10",
year="2002",
pages="1--70"
}

@misc{Leinster:2012:RethinkingSetTheory,
title={Rethinking set theory},
author={Tom Leinster},
year={2012},
eprint={1212.6543},
archivePrefix={arXiv},
primaryClass={math.LO}
}
@misc{Leinster:2016:BasicCategoryTheory,
title={Basic Category Theory},
author={Tom Leinster},
year={2016},
eprint={1612.09375},
archivePrefix={arXiv},
primaryClass={math.CT}
}

@book{MacLane:1998:CategoriesWorking2,
abstract={{Categories for the Working Mathematician 
provides an array of general ideas useful 
in a wide variety of fields. Starting from the foundations, 
this book illuminates the concepts of category, functor,
natural transformation, and duality. 
The book then turns to adjoint functors, 
which provide a description of universal constructions, 
an analysis of the representations of functors 
by sets of morphisms, and a means of manipulating 
direct and inverse limits. These categorical concepts are 
extensively illustrated in the remaining chapters, 
which include many applications of the basic existence theorem 
for adjoint functors. The categories of algebraic systems are 
constructed from certain adjoint-like data and characterized 
by Beck's theorem. After considering a variety of applications,
the book continues
with the construction and exploitation of Kan extensions. 
This second edition includes a number of revisions and 
additions, including two new chapters on topics of active 
interest. One is on symmetric monoidal categories and braided 
monoidal categories and the coherence theorems for them. 
The second describes 2-categories and the higher dimensional 
categories which have recently come into prominence. 
The bibliography has also been expanded to cover some of the 
many other recent advances concerning categories.}},
author={MacLane, Saunders},
edition={$2$nd~edition},
publisher={Springer},
title={{Categories for the Working Mathematician}},
year=1998
}

@inbook{Makkai:1998:CategoricalFoundation,
author = "Makkai, M.",
booktitle = "Logic Colloquium '95: 
Proceedings of the Annual European Summer Meeting 
of the Association of Symbolic Logic, held in Haifa, Israel, 
August 9-18, 1995",
editor = "Makowsky, Johann A. and Ravve, Elena V.",
pages = "153--190",
publisher = "Springer",
series = "Lecture Notes in Logic",
title = "Towards a Categorical Foundation of Mathematics",
url = "https://projecteuclid.org/euclid.lnl/1235415906",
volume = "Volume 11",
year = "1998"
}

@proceedings{Manes:1974:CatTheoryComputationControl,
  editor    = {Ernest G. Manes},
  title     = {Category Theory Applied to Computation and Control, Proceedings of
               the First International Symposium, San Francisco, CA, USA, February
               25-26, 1974, Proceedings},
  series    = {Lecture Notes in Computer Science},
  volume    = {25},
  publisher = {Springer},
  year      = {1975}}

@article{McLarty:1990:AbusesTopos,
  title={The Uses and Abuses of the History of Topos Theory},
  author={Colin McLarty},
  journal={The British Journal for the Philosophy of Science},
  year={1990},
  volume={41},
  pages={351-375}
}

@article{MItchell:1973:MacLaneReview, 
title={Saunders MacLane. Categorical algebra and set-theoretic foundations. 
Axiomatic set theory, Proceedings of symposia in pure mathematics, vol. 13 part 1, A
merican Mathematical Society, Providence, Rhode Island, 1971, pp. 231–240.}, 
volume={38}, DOI={10.2307/2273077}, 
number={3}, 
journal={Journal of Symbolic Logic}, 
publisher={Cambridge U Press}, 
author={Mitchell, William}, 
year={1973}, 
pages={528–528}}


@misc{nLab:2020,
author={{nLab} contributors},
title={{nLab}},
url={https://ncatlab.org/nlab/show/HomePage},
}

@misc{Perrone:2019:CatTheory,
    title={Notes on Category Theory with examples from basic mathematics},
    author={Paolo Perrone},
    year={2019},
    eprint={1912.10642},
    archivePrefix={arXiv},
    primaryClass={math.CT}
}

@book{Riehl:2017:CatTheory,
title={Category Theory in Context},
author={Emily Riehl},
url={http://www.math.jhu.edu/~eriehl/context/},
year={2017},
publisher={Dover}}

@misc{Shulman:2008:SetThForCatTh,
    title={Set theory for category theory},
    author={Michael A. Shulman},
    year={2008},
    eprint={0810.1279},
    archivePrefix={arXiv},
    primaryClass={math.CT}}

@book{Spivak:2014:CatTheoryForSciences,
author={Spivak, David I.},
title={Category Theory for the Sciences},
year={2014},
publisher={MIT Press}}

@book{Spivak:2013:CatTheoryForScientists,
author={Spivak, David I.},
title={Category Theory for Scientists (old version)},
year={2013},
publisher={MIT Open Courseware},
url={http://math.mit.edu/~dspivak/CT4S.pdf}}

@book{VanOosten:2002:CatTheory,
author = {Jaap {van Oosten}},
title = {Basic Category Theory (revised)},
series = {{BRICS} Lecture Series LS-95-01},
year = {2002},
url = {http://www.staff.science.uu.nl/∼ooste110/www/syllabi/catsmoeder.pdf}}

@misc{ wiki:AbstractNonsense,
    author = "{Wikipedia}",
    title = "Abstract nonsense",
    year = "2020",
    url = "{https://en.wikipedia.org/w/index.php?title=Abstract_nonsense}",
  }
  
@misc{ wiki:ConcreteCategory,
    author = "{Wikipedia}",
    title = "Concrete category",
    year = "2020",
    url = "{https://en.wikipedia.org/w/index.php?title=Concrete_category}",
  }
 
 @misc{ wiki:DirectedGraph,
    author = "{Wikipedia}",
    title = "Directed graph",
    year = "2020",
    url = "{https://en.wikipedia.org/w/index.php?title=Directed_graph}",
  }
