@online{wiki:Algebraic-structure,
   author = "Wikipedia",
   title = "Algebraic structure",
   year = "2018",
   url = {https://en.wikipedia.org/w/index.php?title=Algebraic_structure&oldid=841346984},
   urldate = {2018-10-31} }

@online{wiki:Constant-rank-theorem,
   author = {Wikipedia},
   title = {Constant rank theorem},
   year = "2018",
   url = {https://en.wikipedia.org/wiki/Inverse_function_theorem#Constant_rank_theorem},
   urldate = {2018-11-28} }

@online{wiki:Factorization-of-polynomials,
   author = "Wikipedia",
   title = "Factorization of polynomials",
   year = "2018",
   url = {https://en.wikipedia.org/w/index.php?title=Factorization_of_polynomials&oldid=847923764},
   urldate = {2018-10-31} }

@online{wiki:Field-mathematics,
   author = "Wikipedia",
   title = " Field (mathematics)",
   year = "2018",
   url = {https://en.wikipedia.org/w/index.php?title=Field_(mathematics)&oldid=868556601},
   urldate = {2018-11-14} }

@online{wiki:Frechet-derivative,
   author = {Wikipedia},
   title = {Fr√©chet derivative},
   year = "2018",
   url = {https://en.wikipedia.org/wiki/Fr%C3%A9chet_derivative},
   urldate = {2018-11-28} }

@online{ wiki:group-theory,
   author = "Wikipedia",
   title = "Group theory --- Wikipedia{,} The Free Encyclopedia",
   year = "2017",
   url = "\url{https://en.wikipedia.org/w/index.php?title=Group_theory&oldid=763727246}",
   note = "[Online; accessed 18-March-2017]"
 }
 
@online{ wiki:homogeneous-space,
   author = "{Wikipedia}",
   title = {Homogeneous space},
   url = "\url{https://en.wikipedia.org/w/index.php?title=Homogeneous_space&oldid=762124466}",
   urldate = "2017-03-18"
 }

@online{ wiki:Implicit-function-theorem,
   author = {Wikipedia},
   title = {Implicit function theorem},
   url = {https://en.wikipedia.org/w/index.php?title=Implicit_function_theorem&oldid=870987100},
   urldate = "2018-11-28"
 }

@online{ wiki:Inverse-function-theorem,
   author = {Wikipedia},
   title = {Inverse function theorem},
   url = {https://en.wikipedia.org/w/index.php?title=Inverse_function_theorem},
   urldate = "2018-11-28"
 }

@online{ wiki:mathematical-set,
   author = "Wikipedia",
   title = "Set (mathematics) --- Wikipedia{,} The Free Encyclopedia",
   year = "2017",
   url = "https://en.wikipedia.org/w/index.php?title=Set_(mathematics)&oldid=769156505",
   note = "[Online; accessed 9-March-2017]"
 }
 
@online{wiki:Mathematical-structure,
   author = "Wikipedia",
   title = "Mathematical structure",
   year = "2018",
   url = {https://en.wikipedia.org/w/index.php?title=Mathematical_structure},
   urldate = {2018-10-31} }

@online{wiki:Outline-of-algebraic-structures,
   author = "Wikipedia",
   title = "Outline of algebraic structures",
   year = "2018",
   url = {https://en.wikipedia.org/w/index.php?title=Outline_of_algebraic_structures&oldid=853602775},
   urldate = {2018-10-31} }

@online{wiki:Polynomial,
   author = "Wikipedia",
   title = "Polynomial",
   year = "2018",
   url = {https://en.wikipedia.org/w/index.php?title=Polynomial&oldid=866125729},
   urldate = {2018-10-31} }

@online{wiki:Ring-mathematics,
   author = "Wikipedia",
   title = " Ring (mathematics)",
   year = "2018",
   url = {https://en.wikipedia.org/w/index.php?title=Ring_(mathematics)&oldid=862148619},
   urldate = {2018-11-14} }

@online{wiki:Synthetic-division,
   author = "Wikipedia",
   title = "Synthetic division",
   year = "2018",
   url = {https://en.wikipedia.org/w/index.php?title=Synthetic_division&oldid=847544978},
   urldate = {2018-10-31} }
