@misc{ wiki:mathematical-set,
   author = "Wikipedia",
   title = "Set (mathematics) --- Wikipedia{,} The Free Encyclopedia",
   year = "2017",
   url = "https://en.wikipedia.org/w/index.php?title=Set_(mathematics)&oldid=769156505",
   note = "[Online; accessed 9-March-2017]"
 }
 
 @book{Halmos1960Naive,
  author = {Paul R. Halmos},
  isbn = {0387900926},
  note = {Reprinted by Martino Fine Books, 2011},
  publisher = {Van Nostrand},
  title = {Naive Set Theory},
  year = 1960
}

@book{Behn74,
editor = "Behnke, H. and Bachmann, F. and Fladt, K. and Kunle, H.",
note = "translated by S. H. Gould",
year = "1974",
title = "Fundamentals of Mathematics: Geometry",
volume = "II",
publisher = "{MIT} Press",
address = "Cambridge, {MA}"}

@article{Berl90,
title =  "Compiling Scientific Code Using Partial Evaluation",
author =   "Andrew Berlin and Daniel Weise",
journal =  "{IEEE} Computer",
year = "1990",
volume = "23",
number = "12",
pages = "25-37"}

@article{Chan83,
title =  "Algorithms for Computing the Sample Variance:
  Analysis and Recommendations",
author =   "Chan, T. and Golub, G.H. and LeVeque, R.J.",
journal =  "The American Statistician",
year = "1983",
volume = "37",
number = "3"}

@Book{Ciar89,
  author =      {P. G. Ciarlet},
  title =       {Introduction to Numerical Linear Algebra and
                 Optimisation},
  publisher =   {Cambridge University Press},
  year =        1989,
  series =      {Cambridge Texts in Applied Mathematics},
  address =     {Cambridge, England},
  note =        {436 pages.}
}

@mastersthesis{Dahl92,
author = "Austin Dahl",
year = "1992",
title = "Weyl: A language for computer graphics
and computer aided geometric design",
school = "Computer Science and Engineering, U. of Washington",
address = "{FR-35, UW} Seattle {WA} 98195"}

@book{Denn83,
author = "Dennis, Jr., J.E. and Schnabel, Robert B.",
year = "1983",
title = "Numerical methods for unconstrained optimization
  and nonlinear equations",
publisher = "Prentice-Hall",
address = "Englewood CLiffs, {NJ}"}

@misc{DeRo88,
author = "{DeRose}, Tony D.",
year = "1988",
title = "Geometric programming: a coordinate-free approach",
howpublished = "ACM SIGGRAPH Tutorial Course No. 25"}

@incollection{DeRo89a,
author = "{DeRose}, Tony D.",
year = "1989",
title = "A coordinate-free approach to geometric programming",
editor = "Strasser, W.",
booktitle = "Theory and Practice of Geometric Modeling",
publisher = "Springer Verlag"}

@techreport{DeRo89b,
author = "{DeRose}, Tony D.",
year = "1989",
title = "A coordinate-free approach to geometric programming
  (a geometric algebra and its implementation)",
institution = "Dept. of Computer Science, U. of Washington",
note = "course notes for CSCI557, Spring 1989"}

@book{Dong79,
author = "Dongarra, J.J. and Moler, C.B. and Bunch, J.R. and Stewart, G.W.",
year = "1979",
title = "LINPACK Users' Guide",
publisher = "SIAM",
address = "Philiadelphia"}

@book{Flet89,
author = "Fletcher, R.",
year = "1989",
title = "Practical Methods of Optimization",
edition = "{Second}",
publisher = "Wiley",
address = "Chichester"}

@incollection{Floh74,
author = "Flohr, F. and Raith, F.",
year = "1974",
title = "Affine and Euclidean Geometry",
chapter = "9",
editor = "Behnke, H. and Bachmann, F. and Fladt, K. and Kunle, H.",
booktitle = "Fundamentals of Mathematics: Geometry",
volume = "II",
publisher = "{MIT} Press",
address = "Cambridge {MA}"}

@book{Garb77,
author = "Garbow, B.S. and Boyle, J.M. and Dongarra, J.J. and Moler, C.B.",
year = "1977",
title = "Matrix Eigensystem Routines---EISPACK Guide Extension",
publisher = "Springer-Verlag",
address = "Berlin"}

@book{Gill81,
author = "Gill, Philip E. and Murray, Walter and Wright, Margaret H.",
year = "1981",
title = "Practical Optimization",
publisher = "Academic Press",
address = "London"}

@techreport{Gill86a,
author = "Philip E. Gill and Sven J. Hammarling and
  Walter Murray and Michael A. Saunders and Margaret H. Wright",
year = "1986",
title = "User's guide for {LSSOL} (version 1.0):
  a {F}ortran package for constrained linear least squares
  and convex quadratic programming",
institution = "Systems Optimization Laboratory,
  Dept. of Operations Research, Stanford",
number = "{SOL} 86-1"}

@techreport{Gill86b,
author = "Philip E. Gill and Walter Murray and Michael A. Saunders
  and Margaret H. Wright",
year = "1986",
title = "User's guide for {NPSOL} (version 4.0):
  a {F}ortran package for nonlinear programming",
institution = "Systems Optimization Laboratory,
  Dept. of Operations Research, Stanford",
number = "{SOL} 86-2"}

@book{Gill91,
author = "Gill, Philip E. and Murray, Walter and Wright, Margaret H.",
year = "1991",
title = "Numerical Linear Algebra and Optimization",
publisher = "Addison Wesley",
volume = 1,
address = "Redwood City {CA}"}

@book{Golu83,
author = "Golub, G.H. and Van Loan, C.F.",
title = "Matrix Computations",
year = "1983",
publisher = "The Johns Hopkins University Press",
address = "Baltimore"}

@book{Golu89,
author = "Golub, G.H. and Van Loan, C.F.",
title = "Matrix Computations",
year = "1989",
edition = "Second",
publisher = "The Johns Hopkins University Press",
address = "Baltimore"}

@incollection{Grie89,
author = "A. Griewank",
title = "On Automatic Differentiation",
booktitle = " Mathematical Programming: recent developments and applications",
editor = "M. Iri and K. Tanabe",
publisher = "{KTK} Scientific/Kluwer",
year= 1989}

@book{Halm58,
author = {Paul R. Halmos},
year = "1958",
title = "Finite-dimensional Vector Spaces",
publisher = "Van Nostrand",
address = "Princeton, {NJ}"}

@article{Jenk74,
author = "Jenks, Richard D.",
year = "1974",
title = "The {SCRATCHPAD} Language",
journal = "{SIGPLAN} Notices",
volume = "9",
number = "4",
pages = "101-111",
note = "Proc. of the {ACM} Symposium on Very High Level Languages."}

@inproceedings{Jenk79,
author = "Jenks, Richard D.",
year = "1979",
title = "{MODLISP}: An Introduction",
booktitle = "Symbolic and Algebraic Computation, {EUROSAM'79},
  an International Symposium on Symbolic and Algebraic
  Computation",
editor = "Fitch, John",
publisher = "{Springer-Verlag}",
address = "Berlin",
note = "Lecture Notes in Computer Science, volume 72",
pages = "466-480"}

@inproceedings{Jenk81,
author = "Jenks, Richard D. and Trager, Barry M.",
year = "1981",
title = "A language for computational algebra",
booktitle = "Proceedings of the 1981 Symposium on Symbolic and Algebraic
  Computation {(SYMSAC'81)}",
editor = "Wang, Paul S.",
organization = "{ACM}",
note = "ACM Order No. 505810",
pages = "6-13"}

@inproceedings{Jenk84,
author = "Jenks, Richard D.",
year = "1984",
title = "A Primer: 11 Keys to New {SCRATCHPAD}",
booktitle = "{EUROSAM'84}, International Symposium on Symbolic and Algebraic
  Computation, Proceedings",
editor = "Fitch, John",
publisher = "Springer-Verlag",
address = "Berlin",
note = "Lecture Notes in Computer Science, volume 174",
pages = "123-147"}

@book{axiom92,
author = "Richard D. Jenks and Robert S. Sutor",
title = "{AXIOM}: The Scientific Computing System",
year = 1992,
publisher = "Springer-Verlag",
annote = "a commercial successor to {SCRATCHPAD}"}

@inproceedings{Jued91a,
author = "David W. Juedes",
year = "1991",
title = "A Taxonomy of Automatic Differentiation Tools",
booktitle = "{SIAM} Workshop on Automatic Differentiation",
note = "to appear"}

@book{lapack-users-guide92,
author = "E. Anderson and Z. Bal and C. Bischof and J. Demmel and J. Dongarra
        and J. Du Croz and A. Greenbaum and S. Hammarling and A. Mckenney and
        and S. Ostrouchov and D. Sorensen",
title = "{LAPACK} Users' Guide",
publisher = "{SIAM}",
address = "Philadelphia, {PA}",
year = 1992,
annote = "ISBN 0-89871-274-7, 272 pages, Softcover
        US$19.50, available June 1992"}


@book{Laws74,
author = "Lawson, Charles L. and Hanson, Richard J.",
year = "1974",
title = "Solving Least Squares Problems",
publisher = "Prentice-Hall",
address = "Englewood CLiffs, {NJ}"}

@article{Laws79,
author = "Lawson, C. and Hanson, R. and Kincaid, D. and Krogh, F.",
year = "1979",
title = "Basic linear algebra subprograms for Fortran usage",
journal = "ACM TOMS",
volume = "5",
number = "3",
pages = "308-371"}

@mastersthesis{Longabaugh92,
author = "William J. R. Longabaugh",
year = "1992",
title = "An expanded system for coordinate-free geometric programming",
school = "Computer Science and Engineering, U. of Washington",
address = "{FR-35, UW} Seattle {WA} 98195"}

@book{Luen69,
author = "David G. Luenberger",
year = "1969",
title = "Optimization by vector space methods",
publisher = "Wiley",
address = "{NY} {NY}"}

@book{Luen84,
author = "David G. Luenberger",
year = "1984",
title = "Linear and Nonlinear Programming",
edition = "Second",
publisher = "Addison-Wesley",
address = "Reading, {MA}"}

@article{Mole78,
   author = "C. B. Moler and Van Loan, C. F.",
   year = "1978",
   title = "Nineteen Dubious Ways to Compute the Matrix Exponential",
   journal = "SIAM Review",
   volume = "20",
   pages = "801--836"
}

@article{Murt78,
author = "Bruce A. Murtagh and Michael A. Saunders",
year = "1978",
title = "Large-scale linearly constrained optimization",
journal = "Mathematical Programming",
volume = 14,
pages = "41-72"
}

@article{Murt82,
author = "Bruce A. Murtagh and Michael A. Saunders",
year = "1978",
title = "A projected {L}agrangian algorithm and its implementation
for sparse nonlinear constraints",
journal = "Mathematical Programming Study",
volume = 16,
pages = "84-117"
}

@techreport{Murt87,
author = "Bruce A. Murtagh and Michael A. Saunders",
year = "1987",
title = "{MINOS} 5.1 users' guide",
institution = "Systems Optimization Laboratory,
  Dept. of Operations Research, Stanford",
number = "{SOL} 83-20R"}

@book{Noll87,
author = "Noll, Walter",
year = "1987",
title = "{Finite-Dimensional} Spaces (Algebra, Geometry, and Analysis)",
volume = "I",
publisher = "Martinus Nijhhoff",
address = "Dordrecht"}

@book{Pres86,
author = "Press, W.H. and Flannery, B.P. and Teukolsky, S.A.
  and Vetterling, W.T.",
year = "1986",
title = "Numerical Recipes",
publisher = "Cambridge University Press",
address = "Cambridge"}

@book{Pres88,
author = "Press, W.H. and Flannery, B.P. and Teukolsky, S.A.
  and Vetterling, W.T.",
year = "1988",
title = "Numerical Recipes in {C}",
publisher = "Cambridge University Press",
address = "Cambridge"}

@book{Pres89,
author = "Press, W.H. and Flannery, B.P. and Teukolsky, S.A.
  and Vetterling, W.T.",
year = "1989",
title = "Numerical Recipes in {Pascal}",
publisher = "Cambridge University Press",
address = "Cambridge"}

@book{Rall81,
author = "Louis B. Rall",
title = "Automatic Differentiation: techniques and applications",
address = "Berlin",
publisher = "Springer-Verlag",
year = 1981}

@incollection{Rall90,
author = "L. B. Rall",
title = "Differentiation Arithmetics",
booktitle = "Computer Arithmetic
and Self-Validating Numerical Methods,
Notes and
Reports in Mathematics in Science and Engineering",
editor = "C. Ullrich",
publisher = "Academic Press",
year = 1990}

@article{Rose60,
author = "H. H. Rosenbrock",
year = 1960,
title = "An automatic method for finding
the greatest or least value of a function",
journal = "Comput. J.",
volume = 3
}

@phdthesis{Sega89,
author = "Segal, Mark G.",
year = "1989",
title = "Programming Language Support for Geometric Computations",
school = "Computer Science, U.C. Berkeley"}

@book{Smit76,
author = "Smith, B.T. and Boyle, J.M. and Dongarra, J.J. and Garbow, B.S.
and Ikebe, Y. and Klema, V.C. and Moler, C.B.",
year = 1976,
title = "Matrix Eigensystem Routines---{EISPACK} Guide, 2nd Edition",
publisher = "Springer-Verlag",
address = "Berlin"}

@book{Stew73,
author = "Stewart, G.W.",
year = "1973",
title = "Introduction to Matrix Computations",
publisher = "Academic Press",
address = "{NY} {NY}"}

@book{Stolfi91,
author=   "Stolfi, Jorge",
title=   "Oriented projective geometry :
a framework for geometric computations",
address= "Boston, {MA}",
publisher = "Academic Press",
year = 1991}

@book{Torn89,
  author="Aimo T{\"{o}}rn and Antanas \u{Z}ilinskas",
  editor="G. Goos and J. Hartmanis",
  title="Global Optimization",
  publisher="Springer-{V}erlag",
  year= 1989,
  series="Lecture Notes in Computer Science, 350"
}

@techreport{Watt89,
author = "Watt, Stephen M. and Jenks, Richard D. and Sutor, Robert S. and
  Trager, Barry M.",
year = "1989",
title = "The {Scratchpad II} Type System: Domains and Subdomains",
institution = "Mathematical Sciences Department,
  {IBM} Thomas J. Watson Research Center",
address = "Yorktown Heights, {NY} 10598 USA"}

@book{Wolf88,
author = "Wolfram, Stephen",
year = "1988",
title = "Mathematica: A System for Doing Mathematics by Computer",
publisher = "Addison-Wesley",
address = "Redwood City, {CA}"}

@book{mathematica-91,
author = "Stephen Wolfram",
year = "1991",
title = "Mathematica: A System for Doing Mathematics by Computer",
publisher = "Addison-Wesley",
edition = "2nd",
address = "Redwood City, {CA}",
annote = "revised version of basic mathematica text intro/manual,
email: info@wri.com"}

@techreport{mathlink-92,
author = "{Wolfram Research, Inc.}",
year = "1992",
title = "{MathLink} Reference Guide (Preliminary)",
institution = "Wolfram Research, Inc.",
address = "100 Trade Center Drive, Champaign {IL} 61820-7237,
217-398-0700",
annote = "email:info@wri.com"}



