@online{wiki:Cubic-hermite-spline,
   author = "{Wikipedia}",
   title = "Cubic Hermite spline",
   year = "2018",
   url = {https://en.wikipedia.org/w/index.php?title=Cubic_Hermite_spline},
    }

@online{wiki:Divided-differences,
   author = "{Wikipedia}",
   title = "Divided differences",
   year = "2018",
   url = {https://en.wikipedia.org/w/index.php?title=Divided_differences},
    }

@online{wiki:Interpolation,
   author = "{Wikipedia}",
   title = "Interpolation",
   year = "2018",
   url = {https://en.wikipedia.org/w/index.php?title=Interpolation},
    }

@online{wiki:Lagrange-polynomial,
   author = "{Wikipedia}",
   title = "Lagrange polynomial",
   year = "2018",
   url = {https://en.wikipedia.org/w/index.php?title=Lagrange_polynomial},
    }

@online{wiki:Newton-polynomial,
   author = "{Wikipedia}",
   title = "Newton polynomial",
   year = "2018",
   url = {https://en.wikipedia.org/w/index.php?title=Newton_polynomial},
    }

@online{wiki:Polynomial-interpolation,
   author = "{Wikipedia}",
   title = "Polynomial Interpolation",
   year = "2018",
   url = {https://en.wikipedia.org/w/index.php?title=Polynomial_interpolation},
    }

