@book{hadden1994shoulders,
  title={On the Shoulders of Merchants: Exchange and the Mathematical Conception of Nature in Early Modern Europe},
  author={Richard W. Hadden},
  year={1994},
  publisher={SUNY Press}
}

@misc{jaffe_1993_theoretical,
    title={``Theoretical mathematics'': Toward a cultural synthesis of mathematics and theoretical physics},
    author={Arthur Jaffe and Frank Quinn},
    year={1993},
    eprint={math/9307227},
    archivePrefix={arXiv},
    primaryClass={math.HO}
}
@article{hirsch1994-jaffe-quinn,
author = {Hirsch, Morris},
year = {1994},
month = {04},
pages = {186-190},
title = {THEORETICAL MATHEMATICS - TOWARD A CULTURAL SYNTHESIS OF MATHEMATICS AND THEORETICAL PHYSICS - COMMENT},
volume = {30},
journal = {Bulletin of the American Mathematical Society}
}
@misc{atiyah1994responses,
    title={Responses to ``Theoretical Mathematics: Toward a cultural synthesis of mathematics and theoretical physics'', by A. Jaffe and F. Quinn},
    author={Michael Atiyah and Armand Borel and G. J. Chaitin 
    and Daniel Friedan and James Glimm and Jeremy J. Gray 
    and Morris W. Hirsch and Saunders MacLane 
    and Benoit B. Mandelbrot and David Ruelle and Albert Schwarz 
    and Karen Uhlenbeck and Ren√© Thom and Edward Witten 
    and Christopher Zeeman},
    year={1994},
    eprint={math/9404229},
    archivePrefix={arXiv},
    primaryClass={math.HO}
}
@misc{palais1994editors,
    title={Editor's column (on an article by Jaffe and Quinn)},
    author={Richard S. Palais},
    year={1994},
    eprint={math/9404233},
    archivePrefix={arXiv},
    primaryClass={math.HO}
}
@misc{thurston_1994_proof,
    title={On proof and progress in mathematics},
    author={William P. Thurston},
    year={1994},
    eprint={math/9404236},
    archivePrefix={arXiv},
    primaryClass={math.HO}
}
@misc{jaffe1994response,
    title={Response to comments on ``Theoretical mathematics''},
    author={Arthur Jaffe and Frank Quinn},
    year={1994},
    eprint={math/9404231},
    archivePrefix={arXiv},
    primaryClass={math.HO}
}

@book{mancosu1998brouwer,
  title={From Brouwer to Hilbert: The Debate on the Foundations of Mathematics in the 1920s},
  editor={Paolo Mancosu},
  url={https://global.oup.com/ushe/product/from-brouwer-to-hilbert-9780195096323},
  year={1998},
  publisher={Oxford U Press}
}

@book{weyl1926heutige,
  title={Die heutige Erkenntnislage in der Mathematik},
  author={Hermann Weyl},
  series={Sonderdrucke des Symposion},
  year={1926},
  publisher={Weltkreis},
  note={English translation from Paolo Mancosu,'
  From Brouwer to Hilbert. 
The Debate on the Foundations of Mathematics in the 1920s}
}
