@book{Minsky:1967:CFI:1095587,
 author = {Minsky, Marvin L.},
 title = {Computation: Finite and Infinite Machines},
 year = {1967},
 publisher = {Prentice-Hall},
 }