@book{Petzold:2008,
 author = {Petzold, Charles},
 title = {The Annotated Turing: A Guided Tour Through Alan Turing's Historic Paper on Computability and the Turing Machine},
 year = {2008},
 publisher = {Wiley Publishing},
}