@book{barwise-moss-1996-vicious,
author = {Barwise, Jon and Moss, Lawrence},
title = {Vicious Circles: On the Mathematics of Non-Wellfounded Phenomena},
year = {1996},
publisher = {Center for the Study of Language and Information}
}
 @book{Cantor1883, 
   author = {Cantor, Georg}, 
   title = {{Grundlagen einer Allgemeinen Mannichfaltigkeitslehre 
   -- Ein mathematisch-philosophischer Versuch in der Lehre des Unendlichen}}, 
   publisher = {Commissions-Verlag von B. Teubner}, 
   year = {1883}, 
   url = {http://digital.slub-dresden.de/werkansicht/dlf/8595/}, 
 }
@misc{ wiki:Constructive_set_theory,
    author = "{Wikipedia}",
    title = "Constructive set theory",
    year = "2020",
    howpublished = "\url{https://en.wikipedia.org/w/index.php?title=Constructive_set_theory}",
  }
  
@misc{ wiki:Finitist_set_theory,
    author = "{Wikipedia}",
    title = "Finitist set theory",
    year = "2019",
    howpublished = "\url{https://en.wikipedia.org/w/index.php?title=Finitist_set_theory}",
  }
@misc{ wiki:Baire_space,
    author = "{Wikipedia}",
    title = "Baire space",
    year = "2019",
    howpublished = "\url{https://en.wikipedia.org/w/index.php?title=Baire_space}",
  }
@misc{ wiki:Baire_category_theorem,
    author = "{Wikipedia}",
    title = "Baire category theorem",
    year = "2019",
    howpublished = "\url{https://en.wikipedia.org/w/index.php?title=Baire_category_theorem}",
  }
@misc{ wiki:Baire_space_set_theory,
    author = "{Wikipedia}",
    title = "Baire space (set theory)",
    year = "2019",
    howpublished = "\url{https://en.wikipedia.org/w/index.php?title=Baire_space_(set_theory)}",
  }
@book{Dauben:1979:DAUGCH,
    author = {J. W. Dauben},
    publisher = {Princeton University Press},
    year = {1979},
    title = {Georg Cantor: His Mathematics and Philosophy of the Infinite}
}

@InCollection{sep:Set_theory,
    author       =  {Bagaria, Joan},
    title        =  {Set Theory},
    booktitle    =  {The Stanford Encyclopedia of Philosophy},
    editor       =  {Edward N. Zalta},
    howpublished =  {\url{https://plato.stanford.edu/archives/fall2019/entries/set-theory/}},
    year         =  {2019},
    edition      =  {Fall 2019},
    publisher    =  {Metaphysics Research Lab, Stanford University}
}
@misc{ eom:Axiomatic_set_theory,
author = {{Encyclopedia of Mathematics}},
    title = "{Axiomatic Set theory}",
    year = "2019",
    howpublished = "\url{http://www.encyclopediaofmath.org/index.php?title=Set_theory}",
  }


@misc{ eom:Set_theory,
author = {{Encyclopedia of Mathematics}},
    title = "{Set theory}",
    year = "2019",
    howpublished = "\url{http://www.encyclopediaofmath.org/index.php?title=Set_theory}",
  }

@misc{ iep:Russell_Myhill_paradox,
    author = {Kevin C. Klement},
    title = "{Russell-Myhill Paradox}",
    year = "2020",
    howpublished = "\url{https://www.iep.utm.edu/par-rusm/}",
  }
@misc{ iep:Russell_paradox,
    author = {Kevin C. Klement},
    title = "{Russell's Paradox}",
    year = "2020",
    howpublished = "\url{https://www.iep.utm.edu/par-russ/}",
  }
@misc{ iep:Set_theory,
    author = {Daniel Cunningham},
    title = "{Set theory}",
    year = "2019",
    howpublished = "\url{https://www.iep.utm.edu/set-theo/}",
  }
@misc{ wiki:Set_theory,
    author = "{Wikipedia}",
    title = "Set theory",
    year = "2019",
    howpublished = "\url{https://en.wikipedia.org/w/index.php?title=Set_theory}",
  }
@article{Zermelo:1930:ZERBGU,
    pages = {29--47},
    title = {\"Uber Grenzzahlen Und Mengenbereiche: Neue Untersuchungen \"Uber Die Grundlagen der Mengenlehre},
    journal = {Fundamenta Mathematic\ae},
    volume = {16},
    author = {Ernst Zermelo},
    year = {1930}
}
@misc{ wiki:Limit_cardinal,
    author = "{Wikipedia}",
    title = "Limit cardinal",
    year = "2019",
    howpublished = "\url{https://en.wikipedia.org/w/index.php?title=Limit_cardinal}",
  }
@misc{ wiki:Regular_cardinal,
    author = "{Wikipedia}",
    title = "Regular cardinal",
    year = "2019",
    howpublished = "\url{https://en.wikipedia.org/w/index.php?title=Regular_cardinal}",
  }
  
@misc{ wiki:Constructible_universe,
    author = "{Wikipedia}",
    title = "Constructible universe",
    year = "2019",
    howpublished = "\url{https://en.wikipedia.org/w/index.php?title=Constructible_universe}",
  }
@misc{ wiki:Inaccessible_cardinal,
    author = "{Wikipedia}",
    title = "Inaccessible cardinal",
    year = "2019",
    howpublished = "\url{https://en.wikipedia.org/w/index.php?title=Inaccessible_cardinal}",
  }
  
@misc{ wiki:Limit_ordinal,
    author = "{Wikipedia}",
    title = "Limit ordinal",
    year = "2019",
    howpublished = "\url{https://en.wikipedia.org/w/index.php?title=Limit_ordinal}",
  }
  
@misc{wiki:Zorns_lemma,
author = "{Wikipedia}",
title = "Zorn's lemma",
year = "2019",
howpublished = "\url{https://en.wikipedia.org/w/index.php?title=Zorn\%27s_lemma}",
}
@misc{wiki:Axiom_of_choice,
author = "{Wikipedia}",
title = "Axiom of choice",
year = "2019",
howpublished = "\url{https://en.wikipedia.org/w/index.php?title=Axiom_of_choice}",
}
@misc{wiki:Well_ordering_theorem,
author = "{Wikipedia}",
title = "Well-ordering theorem",
year = "2019",
howpublished = "\url{https://en.wikipedia.org/w/index.php?title=Well-ordering_theorem}",
}
@misc{wiki:Axiom_of_power_set,
author = "{Wikipedia}",
title = "Axiom of power set",
year = "2018",
howpublished = "\url{https://en.wikipedia.org/w/index.php?title=Axiom_of_power_set}",
}

@misc{wiki:Axiom_of_infinity,
author = "{Wikipedia}",
title = "Axiom of infinity",
year = "2019",
howpublished = "\url{https://en.wikipedia.org/w/index.php?title=Axiom_of_infinity}",
}
@misc{wiki:Axiom_of_limitation_of_size,
author = "{Wikipedia}",
title = "Axiom of limitation of size",
year = "2019",
howpublished = "\url{https://en.wikipedia.org/w/index.php?title=Axiom_of_limitation_of_size}",
}
@misc{wiki:Binary_relation,
author = "{Wikipedia}",
title = "Binary relation",
year = "2019",
howpublished = "\url{https://en.wikipedia.org/w/index.php?title=Binary_relation}",
}
@misc{wiki:Class_set_theory,
author = "{Wikipedia}",
title = "Class (set theory)",
year = "2019",
howpublished = "\url{https://en.wikipedia.org/w/index.php?title=Class_(set_theory)}",
}
@misc{wiki:Subclass_set_theory,
author = "{Wikipedia}",
title = "Subclass (set theory)",
year = "2018",
howpublished = "\url{https://en.wikipedia.org/w/index.php?title=Subclass_(set_theory)}",
}

@misc{wiki:Axiom_schema_of_replacement,
author = "{Wikipedia}",
title = "Axiom schema of replacement",
year = "2019",
howpublished = "\url{https://en.wikipedia.org/w/index.php?title=Axiom_schema_of_replacement}",
}
@misc{wiki:Axiom_of_union,
author = "{Wikipedia}",
title = "Axiom of union",
year = "2019",
howpublished = "\url{https://en.wikipedia.org/w/index.php?title=Axiom_of_union}",
}

@misc{wiki:Axiom_of_empty_set,
author = "{Wikipedia}",
title = "Axiom of empty set",
year = "2018",
howpublished = "\url{https://en.wikipedia.org/w/index.php?title=Axiom_of_empty_set}",
}

@article{Mclarty:2005,
author = {Mclarty, Colin},
year = {2005},
month = {10},
pages = {237-251},
title = {Saunders MacLane (1909-2005): His Mathematical Life and Philosophical Works},
volume = {13},
journal = {Philosophia Mathematica},
}
@book {maclane:mff:1986,
AUTHOR = {MacLane, Saunders},
TITLE = {Mathematics, form and function},
PUBLISHER = {Springer},
YEAR = {1986},
PAGES = {xi+476},
}
@article {maclane:structure:1996,
AUTHOR = {MacLane, Saunders},
TITLE = {Structure in mathematics},
JOURNAL = {Philosophia Mathematica. Series III},
VOLUME = {4},
NUMBER = {2},
YEAR = {1996},
PAGES = {174--183},
}

@misc{wiki:Ordinal_number,
author = "{Wikipedia}",
title = "Ordinal number",
year = "2019",
howpublished = "\url{https://en.wikipedia.org/w/index.php?title=Ordinal_number}",
}

@misc{wiki:Zermelo_set_theory,
author = "{Wikipedia}",
title = "Zermelo set theory",
year = "2019",
howpublished = "\url{https://en.wikipedia.org/w/index.php?title=Zermelo_set_theory}",
}

@book{Jech2003,
author = {Jech, Thomas},
publisher = {Springer},
title = {Set Theory: The Third Millennium Edition},
year = 2003
}

@article{Boolos:1971,
number = {8},
year = {1971},
pages = {215--231},
author = {George Boolos},
title = {The Iterative Conception of Set},
publisher = {Journal of Philosophy Inc},
doi = {10.2307/2025204},
volume = {68},
journal = {Journal of Philosophy}
}

@misc{wiki:Axiom_schema_of_specification,
author = "{Wikipedia}",
title = "Axiom schema of specification",
year = "2019",
howpublished = "\url{https://en.wikipedia.org/w/index.php?title=Axiom_schema_of_specification}",
}

@misc{wiki:Urelement,
author = "{Wikipedia}",
title = "Urelement",
year = "2019",
howpublished = "\url{https://en.wikipedia.org/w/index.php?title=Urelement}",
}

@misc{wiki:Extensionality,
author = "{Wikipedia}",
title = "Extensionality",
year = "2018",
howpublished = "\url{https://en.wikipedia.org/w/index.php?title=Extensionality}",
}

@misc{wiki:Axiom_of_extensionality,
author = "{Wikipedia}",
title = "Axiom of extensionality",
year = "2019",
howpublished = "\url{https://en.wikipedia.org/w/index.php?title=Axiom_of_extensionality}",
}

@misc{wiki:Von_Neumann_universe,
author = "{Wikipedia}",
title = "Von Neumann universe",
year = "2019",
howpublished = "\url{https://en.wikipedia.org/w/index.php?title=Von_Neumann_universe}",
}

@misc{wiki:Axiom_of_pairing,
author = "{Wikipedia}",
title = "Axiom of pairing",
year = "2019",
howpublished = "\url{https://en.wikipedia.org/w/index.php?title=Axiom_of_pairing}",
}

@misc{wiki:Epsilon-induction,
author = "{Wikipedia}",
title = "Epsilon-induction",
year = "2019",
howpublished = "\url{https://en.wikipedia.org/w/index.php?title=Epsilon-induction}",
}
@misc{wiki:Axiom_of_regularity,
author = "{Wikipedia}",
title = "Axiom of regularity",
year = "2019",
howpublished = "\url{https://en.wikipedia.org/w/index.php?title=Axiom_of_regularity}",
}

@misc{wiki:NBG-set-theory,
author = "{Wikipedia}",
title = "Von Neumann–Bernays–Gödel set theory",
year = "2019",
howpublished = {\url{https://en.wikipedia.org/w/index.php?title=Von_Neumann-Bernays-G\"{o}del_set_theory}},
}

@misc{wiki:Well-founded-relation,
author = "{Wikipedia}",
title = "Well-founded relation",
year = "2019",
howpublished = "\url{https://en.wikipedia.org/w/index.php?title=Well-founded_relation}",
}

@misc{wiki:Hereditary_set,
author = "{Wikipedia}",
title = "Hereditary set",
year = "2019",
howpublished = "\url{https://en.wikipedia.org/w/index.php?title=Hereditary_set}",
}
@misc{wiki:Russell-paradox,
author = "{Wikipedia}",
title = "Russell's paradox",
year = "2019",
howpublished ="\url{https://en.wikipedia.org/w/index.php?title=Russell's_paradox}",
}
@misc{wiki:Zermelo–Fraenkel-set-theory,
author = "{Wikipedia}",
title = "Zermelo–Fraenkel set theory",
year = "2019",
howpublished = "\url{https://en.wikipedia.org/w/index.php?title=Zermelo-Fraenkel_set_theory}",
}

@article{schechter:constructivism-is-difficult:2001,
URL = {http://www.jstor.org/stable/2695675},
author = {Eric Schechter},
journal = {The American Mathematical Monthly},
number = {1},
pages = {50--54},
publisher = {Mathematical Association of America},
title = {Constructivism Is Difficult},
volume = {108},
year = {2001}
}

@article{RICHMAN1998595,
title = "Generalized real numbers in constructive mathematics",
journal = "Indagationes Mathematicae",
volume = "9",
number = "4",
pages = "595 - 606",
year = "1998",
url = "http://www.sciencedirect.com/science/article/pii/S0019357798800372",
author = "Fred Richman",
abstract = "Two extensions of the real number system, one given by 
uppercuts the other by lowercuts, are developed within a 
constructive framework. The first includes distances to arbitrary 
subsets, the second includes norms of arbitrary bounded linear 
operators. The intuitive meaning of comparing such quantities to 
ordinary real numbers is preserved. Difficulties with encompassing 
both kinds of numbers in a single system are considered."
}

@article{richman:existence:1999,
URL = {http://www.jstor.org/stable/2589553},
author = {Fred Richman},
journal = {The American Mathematical Monthly},
number = {4},
pages = {303--308},
publisher = {Mathematical Association of America},
title = {Existence Proofs},
volume = {106},
year = {1999}
}


@article{Grzegorczyk1955,
author = {Grzegorczyk, Andrzej},
journal = {Fundamenta Mathematicae},
keywords = {philosophy and foundations of mathematics},
language = {eng},
number = {1},
pages = {168-202},
title = {Computable functionals},
url = {http://eudml.org/doc/213369},
volume = {42},
year = {1955} }

