@online{Schenk:2017:Miktex,
  author = "Christian Schenk",
  title = "{Mik\TeX}: typsetting beautiful documents.",
  url = {https://miktex.org/},
  
  }

@online{KewLoffler:2017:Texworks,
  author = "Jonathan Kew and Stefan L{\"o}ffler",
  title = "{{\TeX}works}: A simple interface for working with {\TeX} documents.",
  url = {https://github.com/texworks/},
  urldate = "2017-03-13"
  }
 
@online{CeredaEtAl:2021:Arara,
  author = "{Paulo Roberto Massa} Cereda and Marco Daniel and 
    Brent Longborough and {Nicola Louise Cecilia} Talbot",
  title = "\texttt{arara}: The cool {\TeX} automation tool.",
  url = {https://github.com/cereda/arara},
  
  }
 
@book{Talbot:2012:LatexNovices,
      author    = "Nicola L. C. Talbot",
      title     = "{\LaTeX} for Complete Novices",
      publisher = "Dickimaw Books",
      xseries    = "Dickimaw {\LaTeX} Series",
      xvolume    = 1,
      xisbn      = "978-1-909440-00-5",
      xaddress   = "Norfolk, UK",
      year      = 2012,
      url={https://www.dickimaw-books.com/latex/novices/}
    }
    
@book{Talbot:2013:LatexPhD,
  author    = "Nicola L. C. Talbot",
  title     = "Using {\LaTeX} to Write a PhD Thesis",
  publisher = "Dickimaw Books",
  xseries    = "Dickimaw {\LaTeX} Series",
  xvolume    = 2,
  xisbn      = "978-1-909440-02-9",
  xaddress   = "Norfolk, UK",
  year      = 2013 ,
  url = {https://www.dickimaw-books.com/latex/thesis/}
}