@misc{ wiki:Mereotopology,
    author = "{Wikipedia}",
    title = "Mereotopology",
    year = "2018",
    howpublished = "\url{https://en.wikipedia.org/w/index.php?title=Mereotopology&oldid=863532843}",
  }
