@article {Turing1938ComputableNumbers,
author = {{Alan Mathison} Turing},
title = {On Computable Numbers, with an Application to the Entscheidungsproblem. A Correction},
journal = {Proceedings of the London Mathematical Society},
volume = {s2-43},
number = {1},
publisher = {Oxford U Press},
url = {http://dx.doi.org/10.1112/plms/s2-43.6.544},
pages = {544--546},
year = {1938},
}
