@Book{ sproat-2000,
title = { A computational theory of writing systems },
author = { {Richard William} Sproat },
publisher = { Cambridge University Press },
year = { 2000 },
isbn = { 0521663407 }}

@book{Mazur-2014,
author = {Joseph Mazur},
title = {Enlightening Symbols: A Short History of Mathematical Notation and Its Hidden Powers},
publisher = {Princeton University Press},
year = {2014}
}